@article{PrioritizedReplay,
  author    = {Tom Schaul and
               John Quan and
               Ioannis Antonoglou and
               David Silver},
  title     = {Prioritized Experience Replay},
  journal   = {CoRR},
  volume    = {abs/1511.05952},
  year      = {2015},
  url       = {http://arxiv.org/abs/1511.05952},
  archivePrefix = {arXiv},
  eprint    = {1511.05952},
  timestamp = {Mon, 13 Aug 2018 16:46:28 +0200},
  biburl    = {https://dblp.org/rec/bib/journals/corr/SchaulQAS15},
  bibsource = {dblp computer science bibliography, https://dblp.org}
}

@article{DoubleQ-learning,
  author    = {Hado van Hasselt and
               Arthur Guez and
               David Silver},
  title     = {Deep Reinforcement Learning with Double Q-learning},
  journal   = {CoRR},
  volume    = {abs/1509.06461},
  year      = {2015},
  url       = {http://arxiv.org/abs/1509.06461},
  archivePrefix = {arXiv},
  eprint    = {1509.06461},
  timestamp = {Mon, 13 Aug 2018 16:47:32 +0200},
  biburl    = {https://dblp.org/rec/bib/journals/corr/HasseltGS15},
  bibsource = {dblp computer science bibliography, https://dblp.org}
}

@article{Dueling,
  author    = {Ziyu Wang and
               Nando de Freitas and
               Marc Lanctot},
  title     = {Dueling Network Architectures for Deep Reinforcement Learning},
  journal   = {CoRR},
  volume    = {abs/1511.06581},
  year      = {2015},
  url       = {http://arxiv.org/abs/1511.06581},
  archivePrefix = {arXiv},
  eprint    = {1511.06581},
  timestamp = {Mon, 13 Aug 2018 16:48:17 +0200},
  biburl    = {https://dblp.org/rec/bib/journals/corr/WangFL15},
  bibsource = {dblp computer science bibliography, https://dblp.org}
}

@article{Continuos,
  author    = {Timothy P. Lillicrap and
               Jonathan J. Hunt and
               Alexander Pritzel and
               Nicolas Heess and
               Tom Erez and
               Yuval Tassa and
               David Silver and
               Daan Wierstra},
  title     = {Continuous control with deep reinforcement learning},
  journal   = {CoRR},
  volume    = {abs/1509.02971},
  year      = {2015},
  url       = {http://arxiv.org/abs/1509.02971},
  archivePrefix = {arXiv},
  eprint    = {1509.02971},
  timestamp = {Mon, 13 Aug 2018 16:46:11 +0200},
  biburl    = {https://dblp.org/rec/bib/journals/corr/LillicrapHPHETS15},
  bibsource = {dblp computer science bibliography, https://dblp.org}
}

@article{Continuos,
  author    = {Allan Reyes},
  title     = {Lunar Lander by Allan Reyes},
  journal   = {},
  volume    = {},
  year      = {},
  url       = {https://allan.reyes.sh/projects/gt-rl-lunar-lander},
  archivePrefix = {},
  eprint    = {},
  timestamp = {},
  biburl    = {https://dblp.org/rec/bib/journals/corr/LillicrapHPHETS15},
  bibsource = {dblp computer science bibliography, https://dblp.org}
}

@article{Continuos,
  author    = {Jaromir Janisch},
  title     = {Lets make a DQN},
  journal   = {},
  volume    = {},
  year      = {},
  url       = {https://jaromiru.com/2016/09/27/lets-make-a-dqn-theory},
  archivePrefix = {},
  eprint    = {},
  timestamp = {},
  biburl    = {https://dblp.org/rec/bib/journals/corr/LillicrapHPHETS15},
  bibsource = {dblp computer science bibliography, https://dblp.org}
}

[10] D. Kingma and J. Ba. Adam: A method for stochastic opti-
mization. arXiv preprint arXiv:1412.6980, 2014.


\end{filecontents}
